@book{debellis2009bibliometrics,
	author = {De Bellis, Nicola},
	title = {Bibliometrics and Citation Analysis: From the Science Citation Index to Cybermetrics},
	publisher = {Scarecrow Press},
	year = {2009},
	doi = {10.1002/asi.21181}
}

@article{bornmann2008citation,
	author = {Bornmann, Lutz and Daniel, Hans-Dieter},
	title = {What do citation counts measure? A review of studies on citing behavior},
	journal = {Journal of Documentation},
	volume = {64},
	number = {1},
	pages = {45--80},
	year = {2008}
}

@article{garfield1955citation,
	author = {Garfield, Eugene},
	title = {Citation indexes for science: A new dimension in documentation through association of ideas},
	journal = {Science},
	volume = {122},
	number = {3159},
	pages = {108--111},
	year = {1955},
	doi = {10.1126/science.122.3159.108}
}

@article{hood2001literature,
	author = {Hood, William W. and Wilson, Catherine S.},
	title = {The literature of bibliometrics, scientometrics, and informetrics},
	journal = {Scientometrics},
	volume = {52},
	pages = {291--314},
	year = {2001},
	doi = {10.1023/A:1017919924342}
}

@article{lane2022data,
	author = {Lane, Julia and Gimeno, Eloisa and Levitskaya, Elena and Zhang, Zhi and Zigoni, Alessandro},
	title = {Data Inventories for the Modern Age? Using Data Science to Open Government Data},
	journal = {Harvard Data Science Review},
	volume = {4},
	number = {2},
	year = {2022},
	doi = {10.1162/99608f92.8a3f2336}
}

@article{martin2021google,
	author = {Martín-Martín, Alberto and Thelwall, Mike and Orduna-Malea, Enrique and Delgado López-Cózar, Emilio},
	title = {Google Scholar, Microsoft Academic, Scopus, Dimensions, Web of Science, and OpenCitations’ COCI: A Multidisciplinary Comparison of Coverage via Citations},
	journal = {Scientometrics},
	volume = {126},
	number = {1},
	pages = {871--906},
	year = {2021},
	doi = {10.1007/s11192-020-03690-4}
}

@article{mongeon2016journal,
	author = {Mongeon, Philippe and Paul-Hus, Adrien},
	title = {The journal coverage of Web of Science and Scopus: A comparative analysis},
	journal = {Scientometrics},
	volume = {106},
	pages = {213--228},
	year = {2016},
	doi = {10.1007/s11192-015-1765-5}
}

@article{pritchard1969statistical,
	author = {Pritchard, Alan},
	title = {Statistical bibliography or bibliometrics},
	journal = {Journal of Documentation},
	volume = {25},
	pages = {348},
	year = {1969}
}

@article{broadus1987toward,
  title={Toward a definition of “bibliometrics”},
  author={Broadus, Robert N},
  journal={Scientometrics},
  volume={12},
  pages={373--379},
  year={1987},
  publisher={Springer},
  doi = {10.1007/bf02016680}
}

@article{visser2021large,
	author = {Visser, Martijn and Van Eck, Nees Jan and Waltman, Ludo},
	title = {Large-scale comparison of bibliographic data sources: Scopus, Web of Science, Dimensions, Crossref, and Microsoft Academic},
	journal = {Quantitative Science Studies},
	volume = {2},
	number = {1},
	pages = {20--41},
	year = {2021},
	doi = {10.1162/qss_a_00112}
}
